%% This BibTeX bibliography file was created using BibDesk.
%% https://bibdesk.sourceforge.io/

%% Created for Molly Lewis at 2020-03-26 18:30:40 -0400 


%% Saved with string encoding Unicode (UTF-8) 

@article{charlesworth2021gender,
  title={Gender Stereotypes in Natural Language: Word Embeddings Show Robust Consistency Across Child and Adult Language Corpora of More Than 65 Million Words},
  author={Charlesworth, Tessa ES and Yang, Victor and Mann, Thomas C and Kurdi, Benedek and Banaji, Mahzarin R},
  journal={Psychological Science},
  volume={32},
  number={2},
  pages={218--240},
  year={2021},
  publisher={SAGE Publications Sage CA: Los Angeles, CA}
}



@article{joulin2016bag,
	Author = {Joulin, Armand and Grave, Edouard and Bojanowski, Piotr and Mikolov, Tomas},
	Date-Added = {2020-03-26 17:15:24 -0400},
	Date-Modified = {2020-03-26 17:15:24 -0400},
	Journal = {arXiv preprint arXiv:1607.01759},
	Title = {Bag of tricks for efficient text classification},
	Year = {2016}}
	
@article{moty2019unintended,
  title={The unintended consequences of the things we say: What generics communicate to children about unmentioned categories},
  author={Moty, Kelsey and Rhodes, Marjorie},
   url={https://psyarxiv.com/zkjyr/},
  year ={2019},
  publisher={PsyArXiv}
}
	
@article{chestnut2018girls,
  title={“Girls are as good as boys at math” implies that boys are probably better: A study of expressions of gender equality},
  author={Chestnut, Eleanor K and Markman, Ellen M},
  journal={Cognitive Science},
  volume={42},
  number={7},
  pages={2229--2249},
  year={2018},
  publisher={Wiley Online Library}
}

@article{mol2011read,
  title={To read or not to read: a meta-analysis of print exposure from infancy to early adulthood.},
  author={Mol, Suzanne E and Bus, Adriana G},
  journal={Psychological bulletin},
  volume={137},
  number={2},
  pages={267},
  year={2011},
  publisher={American Psychological Association}
}

@article{dickinson2012reading,
  title={How reading books fosters language development around the world},
  author={Dickinson, David K and Griffith, Julie A and Golinkoff, Roberta Michnick and Hirsh-Pasek, Kathy},
  journal={Child development research},
  volume={2012},
  year={2012},
  publisher={Hindawi}
}



@article{gulgoz2019similarity,
	Author = {G{\"u}lg{\"o}z, Selin and Glazier, Jessica J and Enright, Elizabeth A and Alonso, Daniel J and Durwood, Lily J and Fast, Anne A and Lowe, Riley and Ji, Chonghui and Heer, Jeffrey and Martin, Carol Lynn and others},
	Date-Added = {2020-03-19 13:41:16 -0400},
	Date-Modified = {2020-03-19 13:41:16 -0400},
	Journal = {Proceedings of the National Academy of Sciences},
	Number = {49},
	Pages = {24480--24485},
	Publisher = {National Acad Sciences},
	Title = {Similarity in transgender and cisgender children's gender development},
	Volume = {116},
	Year = {2019}}

@article{wagner2017factors,
	Author = {Wagner, Laura},
	Date-Added = {2020-03-18 16:44:16 -0400},
	Date-Modified = {2020-03-18 16:44:16 -0400},
	Journal = {Frontiers in psychology},
	Pages = {1448},
	Publisher = {Frontiers},
	Title = {Factors influencing parents' preferences and parents' perceptions of child preferences of picture books},
	Volume = {8},
	Year = {2017}}

@misc{firth1957synopsis,
	Author = {Firth, JR},
	Date-Added = {2020-03-18 16:13:58 -0400},
	Date-Modified = {2020-03-18 16:13:58 -0400},
	Publisher = {Oxford.},
	Title = {A Synopsis of Linguistic Theory 1930-1955 in Studies in Linguistic Analysis, {P}hilological {S}ociety},
	Year = {1957}}

@article{braginsky2019consistency,
	Author = {Braginsky, Mika and Yurovsky, Daniel and Marchman, Virginia A and Frank, Michael C},
	Date-Added = {2020-03-18 15:06:18 -0400},
	Date-Modified = {2020-03-18 15:06:18 -0400},
	Journal = {Open Mind},
	Pages = {52--67},
	Publisher = {MIT Press},
	Title = {Consistency and variability in children's word learning across languages},
	Volume = {3},
	Year = {2019}}

@article{zevin2004age,
	Author = {Zevin, Jason D and Seidenberg, Mark S},
	Date-Added = {2020-03-18 14:49:33 -0400},
	Date-Modified = {2020-03-18 14:49:33 -0400},
	Journal = {Memory \& cognition},
	Number = {1},
	Pages = {31--38},
	Publisher = {Springer},
	Title = {Age-of-acquisition effects in reading aloud: Tests of cumulative frequency and frequency trajectory},
	Volume = {32},
	Year = {2004}}

@article{crawford2004champagne,
	Author = {Crawford, Jarret T and Leynes, P Andrew and Mayhorn, Christopher B and Bink, Martin L},
	Date-Added = {2020-03-18 14:38:50 -0400},
	Date-Modified = {2020-03-18 14:38:50 -0400},
	Journal = {Behavior Research Methods, Instruments, \& Computers},
	Number = {3},
	Pages = {444--458},
	Publisher = {Springer},
	Title = {Champagne, beer, or coffee? A corpus of gender-related and neutral words},
	Volume = {36},
	Year = {2004}}

@article{ceci2011understanding,
	Author = {Ceci, Stephen J and Williams, Wendy M},
	Date-Added = {2020-03-17 19:20:14 -0400},
	Date-Modified = {2020-03-17 19:20:14 -0400},
	Journal = {Proceedings of the National Academy of Sciences},
	Number = {8},
	Pages = {3157--3162},
	Publisher = {National Acad Sciences},
	Title = {Understanding current causes of women's underrepresentation in science},
	Volume = {108},
	Year = {2011}}

@article{golder2011diurnal,
	Author = {Golder, Scott A and Macy, Michael W},
	Date-Added = {2020-03-17 19:11:31 -0400},
	Date-Modified = {2020-03-17 19:11:31 -0400},
	Journal = {Science},
	Number = {6051},
	Pages = {1878--1881},
	Publisher = {American Association for the Advancement of Science},
	Title = {Diurnal and seasonal mood vary with work, sleep, and daylength across diverse cultures},
	Volume = {333},
	Year = {2011}}

@article{juola2008authorship,
	Author = {Juola, Patrick},
	Date-Added = {2020-03-17 19:10:42 -0400},
	Date-Modified = {2020-03-17 19:13:41 -0400},
	Journal = {Foundations and Trends{\textregistered} in Information Retrieval},
	Number = {3},
	Pages = {233--334},
	Publisher = {Now Publishers, Inc.},
	Title = {Authorship attribution},
	Volume = {1},
	Year = {2008}}

@article{von2018implicit,
	Author = {von der Malsburg, Titus and Poppels, Till and Levy, Roger Philip},
	Date-Added = {2020-03-17 19:07:40 -0400},
	Date-Modified = {2020-03-17 19:08:11 -0400},
	Journal = {Psychological Science},
	Number = {2},
	Publisher = {PsyArXiv},
	Title = {Implicit gender bias in linguistic descriptions for expected events: The cases of the 2016 US and 2017 UK election},
	Volume = {31},
	Year = {2020}}

@article{lewis2020,
  title={Gender stereotypes are reflected in the distributional structure of 25 languages},
  author={Molly Lewis and Gary Lupyan},
  journal={Nature Human Behaviour},
  year={2020},
  pages={1 - 8}
}

@article{bussey1999social,
	Author = {Bussey, Kay and Bandura, Albert},
	Date-Added = {2020-03-17 19:05:07 -0400},
	Date-Modified = {2020-03-17 19:05:07 -0400},
	Journal = {Psychological review},
	Number = {4},
	Pages = {676},
	Publisher = {American Psychological Association},
	Title = {Social cognitive theory of gender development and differentiation.},
	Volume = {106},
	Year = {1999}}

@article{meltzoff2007like,
	Author = {Meltzoff, Andrew N},
	Date-Added = {2020-03-17 19:04:19 -0400},
	Date-Modified = {2020-03-17 19:04:19 -0400},
	Journal = {Developmental science},
	Number = {1},
	Pages = {126--134},
	Publisher = {Wiley Online Library},
	Title = {`Like me': a foundation for social cognition},
	Volume = {10},
	Year = {2007}}

@book{snow1998preventing,
	Author = {Snow, Catherine E and Burns, M Susan and Griffin, Peg},
	Date-Added = {2020-03-17 19:01:52 -0400},
	Date-Modified = {2020-03-17 19:02:31 -0400},
	Publisher = {National Academies Press},
	Title = {Preventing reading difficulties in young children},
	Year = {1998}}

@article{cimpian2011generic,
	Author = {Cimpian, Andrei and Markman, Ellen M},
	Date-Added = {2020-03-17 18:59:08 -0400},
	Date-Modified = {2020-03-17 18:59:08 -0400},
	Journal = {Child development},
	Number = {2},
	Pages = {471--492},
	Publisher = {Wiley Online Library},
	Title = {The generic/nongeneric distinction influences how children interpret new information about social others},
	Volume = {82},
	Year = {2011}}

@article{oswald2013predicting,
  title={Predicting ethnic and racial discrimination: a meta-analysis of {IAT} criterion studies.},
  author={Oswald, Frederick L and Mitchell, Gregory and Blanton, Hart and Jaccard, James and Tetlock, Philip E},
  journal={Journal of personality and social psychology},
  volume={105},
  number={2},
  pages={171},
  year={2013},
  publisher={American Psychological Association}
}

@article{scarborough1994efficacy,
  title={On the efficacy of reading to preschoolers},
  author={Scarborough, Hollis S and Dobrich, Wanda},
  journal={Developmental review},
  volume={14},
  number={3},
  pages={245--302},
  year={1994},
  publisher={Elsevier}
}

@article{noble2019impact,
  title={The impact of shared book reading on children's language skills: A meta-analysis},
  author={Noble, Claire and Sala, Giovanni and Peter, Michelle and Lingwood, Jamie and Rowland, Caroline and Gobet, Fernand and Pine, Julian},
  journal={Educational Research Review},
  volume={28},
  pages={100290},
  year={2019},
  publisher={Elsevier}
}



@article{reese1999quality,
  title={Quality of adult book reading affects children's emergent literacy.},
  author={Reese, Elaine and Cox, Adell},
  journal={Developmental psychology},
  volume={35},
  number={1},
  pages={20},
  year={1999},
  publisher={American Psychological Association}
}


@misc{greenwald2020,
 title={The {Implicit Association Test} at age 20: What is known and what is not known about implicit bias},
 url={psyarxiv.com/bf97c},
 DOI={10.31234/osf.io/bf97c},
 publisher={PsyArXiv},
 author={Greenwald, Anthony G and Brendl, Miguel and Cai, Huajian and Cvencek, Dario and Dovidio, John F and Friese, Malte and Hahn, Adam and Hehman, Eric and Hofmann, Wilhelm and Hughes, Sean and et al.},
 year={2020},
 month={Apr}
}

@article{bian2017gender,
	Author = {Bian, Lin and Leslie, Sarah-Jane and Cimpian, Andrei},
	Date-Added = {2020-03-17 18:54:01 -0400},
	Date-Modified = {2020-03-17 18:54:01 -0400},
	Journal = {Science},
	Number = {6323},
	Pages = {389--391},
	Publisher = {American Association for the Advancement of Science},
	Title = {Gender stereotypes about intellectual ability emerge early and influence children's interests},
	Volume = {355},
	Year = {2017}}

@article{cvencek2011math,
	Author = {Cvencek, Dario and Meltzoff, Andrew N and Greenwald, Anthony G},
	Date-Added = {2020-03-17 18:26:16 -0400},
	Date-Modified = {2020-03-17 18:26:16 -0400},
	Journal = {Child development},
	Number = {3},
	Pages = {766--779},
	Publisher = {Wiley Online Library},
	Title = {Math--gender stereotypes in elementary school children},
	Volume = {82},
	Year = {2011}}

@article{martin2004children,
	Author = {Martin, Carol Lynn and Ruble, Diane},
	Date-Added = {2020-03-17 18:23:17 -0400},
	Date-Modified = {2020-03-17 18:23:17 -0400},
	Journal = {Current directions in psychological science},
	Number = {2},
	Pages = {67--70},
	Publisher = {SAGE Publications Sage CA: Los Angeles, CA},
	Title = {Children's search for gender cues: Cognitive perspectives on gender development},
	Volume = {13},
	Year = {2004}}

@article{chen2017evaluating,
	Author = {Chen, Dawn and Peterson, Joshua C and Griffiths, Thomas L},
	Date-Added = {2020-03-09 22:18:20 +0000},
	Date-Modified = {2020-03-09 22:18:20 +0000},
	Journal = {arXiv preprint arXiv:1705.04416},
	Title = {Evaluating vector-space models of analogy},
	Year = {2017}}

@article{iliev2015automated,
	Author = {Iliev, Rumen and Dehghani, Morteza and Sagi, Eyal},
	Date-Added = {2020-01-06 15:35:00 -0500},
	Date-Modified = {2020-01-06 15:35:00 -0500},
	Journal = {Language and cognition},
	Number = {2},
	Pages = {265--290},
	Publisher = {Cambridge University Press},
	Title = {Automated text analysis in psychology: Methods, applications, and future developments},
	Volume = {7},
	Year = {2015}}

@article{maaten2008visualizing,
	Author = {Maaten, Laurens van der and Hinton, Geoffrey},
	Date-Added = {2019-11-11 15:27:14 -0500},
	Date-Modified = {2019-11-11 15:27:14 -0500},
	Journal = {Journal of machine learning research},
	Number = {Nov},
	Pages = {2579--2605},
	Title = {Visualizing data using t-SNE},
	Volume = {9},
	Year = {2008}}

@article{nosek2002harvesting,
	Author = {Nosek, Brian A and Banaji, Mahzarin R and Greenwald, Anthony G},
	Date-Added = {2019-11-10 16:21:47 -0500},
	Date-Modified = {2019-11-10 16:21:47 -0500},
	Journal = {Group Dynamics: Theory, Research, and Practice},
	Number = {1},
	Pages = {101},
	Publisher = {Educational Publishing Foundation},
	Title = {Harvesting implicit group attitudes and beliefs from a demonstration web site.},
	Volume = {6},
	Year = {2002}}

@article{cvencek2011math,
	Author = {Cvencek, Dario and Meltzoff, Andrew N and Greenwald, Anthony G},
	Date-Added = {2019-11-10 16:20:36 -0500},
	Date-Modified = {2019-11-10 16:20:36 -0500},
	Journal = {Child development},
	Number = {3},
	Pages = {766--779},
	Publisher = {Wiley Online Library},
	Title = {Math--gender stereotypes in elementary school children},
	Volume = {82},
	Year = {2011}}

@article{rudman2004gender,
	Author = {Rudman, Laurie A and Goodwin, Stephanie A},
	Date-Added = {2019-11-10 16:19:38 -0500},
	Date-Modified = {2019-11-10 16:19:38 -0500},
	Journal = {Journal of personality and social psychology},
	Number = {4},
	Pages = {494},
	Publisher = {American Psychological Association},
	Title = {Gender differences in automatic in-group bias: Why do women like women more than men like men?},
	Volume = {87},
	Year = {2004}}

@article{greenwald2002unified,
	Author = {Greenwald, Anthony G and Banaji, Mahzarin R and Rudman, Laurie A and Farnham, Shelly D and Nosek, Brian A and Mellott, Deborah S},
	Date-Added = {2019-11-10 16:18:51 -0500},
	Date-Modified = {2020-03-26 17:23:43 -0400},
	Journal = {Psychological review},
	Number = {1},
	Pages = {3--25},
	Publisher = {American Psychological Association},
	Title = {A unified theory of implicit attitudes, stereotypes, self-esteem, and self-concept.},
	Volume = {109},
	Year = {2002}}

@article{skowronski2001comparative,
	Author = {Skowronski, John J and Lawrence, Melissa A},
	Date-Added = {2019-11-10 16:17:01 -0500},
	Date-Modified = {2019-11-10 16:17:01 -0500},
	Journal = {Psychology of Women Quarterly},
	Number = {2},
	Pages = {155--165},
	Publisher = {Wiley Online Library},
	Title = {A comparative study of the implicit and explicit gender attitudes of children and college students},
	Volume = {25},
	Year = {2001}}

@article{cvencek2011measuring,
	Author = {Cvencek, Dario and Greenwald, Anthony G and Meltzoff, Andrew N},
	Date-Added = {2019-11-10 16:16:21 -0500},
	Date-Modified = {2019-11-10 16:16:21 -0500},
	Journal = {Journal of Experimental Child Psychology},
	Number = {2},
	Pages = {187--200},
	Publisher = {Elsevier},
	Title = {Measuring implicit attitudes of 4-year-olds: The {Preschool Implicit Association Test}},
	Volume = {109},
	Year = {2011}}

@inproceedings{rehureklrec,
	Address = {Valletta, Malta},
	Author = {Radim {\v R}eh{\r u}{\v r}ek and Petr Sojka},
	Booktitle = {{Proceedings of the LREC 2010 Workshop on New Challenges for NLP Frameworks}},
	Date-Added = {2019-11-08 16:26:50 -0500},
	Date-Modified = {2019-11-08 16:29:47 -0500},
	Day = 22,
	Language = {English},
	Month = May,
	Note = {\url{http://is.muni.cz/publication/884893/en}},
	Pages = {45--50},
	Publisher = {ELRA},
	Title = {{Software Framework for Topic Modelling with Large Corpora}},
	Year = 2010}

@article{lewis2019gender,
	Author = {Lewis, Molly L and Lupyan, Gary},
	Date-Added = {2019-11-08 14:58:30 -0500},
	Date-Modified = {2020-03-26 17:17:08 -0400},
	Journal = {{h}ttps://{d}oi.org/10.31234/osf.io/7qd3g},
	Title = {What are we learning from language? Associations between gender biases and distributional semantics in 25 languages},
	Year = {under revision}}

@article{greenwald1998measuring,
	Author = {Greenwald, Anthony G and McGhee, Debbie E and Schwartz, Jordan LK},
	Date-Added = {2019-11-08 14:58:25 -0500},
	Date-Modified = {2019-11-08 14:58:25 -0500},
	Journal = {Journal of Personality and Social Psychology},
	Number = {6},
	Pages = {1464},
	Publisher = {American Psychological Association},
	Title = {Measuring individual differences in implicit cognition: the {I}mplicit {A}ssociation {T}est.},
	Volume = {74},
	Year = {1998}}

@article{hill2015simlex,
	Author = {Hill, Felix and Reichart, Roi and Korhonen, Anna},
	Date-Added = {2019-11-07 16:55:57 -0500},
	Date-Modified = {2019-11-07 16:55:57 -0500},
	Journal = {Computational Linguistics},
	Number = {4},
	Pages = {665--695},
	Publisher = {MIT Press},
	Title = {Simlex-999: Evaluating semantic models with (genuine) similarity estimation},
	Volume = {41},
	Year = {2015}}

@article{davies2008corpus,
	Author = {Davies, Mark},
	Date-Added = {2019-11-07 16:53:30 -0500},
	Date-Modified = {2020-03-26 17:21:55 -0400},
	Journal = {{h}ttps://{w}ww.english-corpora.org/coca/},
	Title = {The {C}orpus of {C}ontemporary {A}merican {E}nglish: 450 million words, 1990-present},
	Year = {2008}}

@article{bojanowski2016enriching,
	Author = {Bojanowski, Piotr and Grave, Edouard and Joulin, Armand and Mikolov, Tomas},
	Date-Added = {2019-11-07 16:46:07 -0500},
	Date-Modified = {2020-03-26 17:16:31 -0400},
	Journal = {arXiv preprint arXiv:1607.01759},
	Title = {Enriching Word Vectors with Subword Information},
	Year = {2016}}

@article{mikolov2013efficient,
	Author = {Mikolov, Tomas and Chen, Kai and Corrado, Greg and Dean, Jeffrey},
	Date-Added = {2019-11-07 16:46:06 -0500},
	Date-Modified = {2020-03-26 17:31:23 -0400},
	Journal = {arXiv preprint arXiv:1301.3781},
	Title = {Efficient estimation of word representations in vector space},
	Year = {2013}}

@article{landauer1997solution,
	Author = {Landauer, Thomas K and Dumais, Susan T},
	Date-Added = {2019-11-07 16:40:44 -0500},
	Date-Modified = {2019-11-07 16:40:44 -0500},
	Journal = {Psychological Review},
	Number = {2},
	Pages = {211},
	Publisher = {American Psychological Association},
	Title = {A solution to {P}lato's problem: The latent semantic analysis theory of acquisition, induction, and representation of knowledge.},
	Volume = {104},
	Year = {1997}}

@article{caliskan2017semantics,
	Author = {Caliskan, Aylin and Bryson, Joanna J and Narayanan, Arvind},
	Date-Added = {2019-11-07 16:40:35 -0500},
	Date-Modified = {2019-11-07 16:40:35 -0500},
	Journal = {Science},
	Number = {6334},
	Pages = {183--186},
	Publisher = {American Association for the Advancement of Science},
	Title = {Semantics derived automatically from language corpora contain human-like biases},
	Volume = {356},
	Year = {2017}}

@article{lenci2008distributional,
	Author = {Lenci, Alessandro},
	Date-Added = {2019-11-07 16:40:20 -0500},
	Date-Modified = {2019-11-07 16:40:20 -0500},
	Journal = {Italian Journal of Linguistics},
	Number = {1},
	Pages = {1--31},
	Title = {Distributional semantics in linguistic and cognitive research},
	Volume = {20},
	Year = {2008}}

@article{lund1996producing,
	Author = {Lund, Kevin and Burgess, Curt},
	Date-Added = {2019-11-07 16:40:13 -0500},
	Date-Modified = {2019-11-07 16:40:13 -0500},
	Journal = {Behavior Research Methods, Instruments, \& Computers},
	Number = {2},
	Pages = {203--208},
	Publisher = {Springer},
	Title = {Producing high-dimensional semantic spaces from lexical co-occurrence},
	Volume = {28},
	Year = {1996}}

@misc{firth1957synopsis,
	Author = {Firth, JR},
	Date-Added = {2019-11-07 16:40:04 -0500},
	Date-Modified = {2019-11-07 16:40:04 -0500},
	Publisher = {Oxford.},
	Title = {A Synopsis of Linguistic Theory 1930-1955 in Studies in Linguistic Analysis, {P}hilological {S}ociety},
	Year = {1957}}

@article{scott2019glasgow,
	Author = {Scott, Graham G and Keitel, Anne and Becirspahic, Marc and Yao, Bo and Sereno, Sara C},
	Date-Added = {2019-10-23 13:18:03 -0400},
	Date-Modified = {2019-10-23 13:18:03 -0400},
	Journal = {Behavior research methods},
	Number = {3},
	Pages = {1258--1270},
	Publisher = {Springer},
	Title = {The {G}lasgow {N}orms: Ratings of 5,500 words on nine scales},
	Volume = {51},
	Year = {2019}}

@book{lehr2001beauty,
	Author = {Lehr, Susan},
	Date-Added = {2019-10-23 12:50:48 -0400},
	Date-Modified = {2019-10-23 12:50:59 -0400},
	Publisher = {ERIC},
	Title = {Beauty, Brains, and Brawn: The Construction of Gender in Children's Literature},
	Year = {2001}}

@article{weitzman1972sex,
	Author = {Weitzman, Lenore J and Eifler, Deborah and Hokada, Elizabeth and Ross, Catherine},
	Date-Added = {2019-10-23 12:49:31 -0400},
	Date-Modified = {2019-10-23 12:49:31 -0400},
	Journal = {American journal of Sociology},
	Number = {6},
	Pages = {1125--1150},
	Publisher = {University of Chicago Press},
	Title = {Sex-role socialization in picture books for preschool children},
	Volume = {77},
	Year = {1972}}

@article{peterson1990gender,
	Author = {Peterson, Sharyl Bender and Lach, Mary Alyce},
	Date-Added = {2019-10-23 12:28:46 -0400},
	Date-Modified = {2019-10-23 12:28:46 -0400},
	Journal = {Gender and education},
	Number = {2},
	Pages = {185--197},
	Publisher = {Taylor \& Francis},
	Title = {Gender stereotypes in children's books: Their prevalence and influence on cognitive and affective development},
	Volume = {2},
	Year = {1990}}

@article{diekman2004learning,
	Author = {Diekman, Amanda B and Murnen, Sarah K},
	Date-Added = {2019-10-23 12:24:13 -0400},
	Date-Modified = {2019-10-23 12:24:13 -0400},
	Journal = {Sex roles},
	Number = {5-6},
	Pages = {373--385},
	Publisher = {Springer},
	Title = {Learning to be little women and little men: The inequitable gender equality of nonsexist children's literature},
	Volume = {50},
	Year = {2004}}

@book{willingham2017reading,
	Author = {Willingham, Daniel T},
	Date-Added = {2019-10-23 12:22:52 -0400},
	Date-Modified = {2019-10-23 12:22:52 -0400},
	Publisher = {John Wiley \& Sons},
	Title = {The reading mind: A cognitive approach to understanding how the mind reads},
	Year = {2017}}

@book{seidenberg2017language,
	Author = {Seidenberg, Mark},
	Date-Added = {2019-10-23 12:22:07 -0400},
	Date-Modified = {2019-10-23 12:22:18 -0400},
	Publisher = {Basic Books},
	Title = {Language at the Speed of Sight: How we Read, Why so Many Can't, and what can be done about it},
	Year = {2017}}

@article{mendelsohn2018reading,
	Author = {Mendelsohn, Alan L and Cates, Carolyn Brockmeyer and Weisleder, Adriana and Johnson, Samantha Berkule and Seery, Anne M and Canfield, Caitlin F and Huberman, Harris S and Dreyer, Benard P},
	Date-Added = {2019-10-23 12:19:24 -0400},
	Date-Modified = {2019-10-23 12:19:24 -0400},
	Journal = {Pediatrics},
	Number = {5},
	Pages = {e20173393},
	Publisher = {Am Acad Pediatrics},
	Title = {Reading aloud, play, and social-emotional development},
	Volume = {141},
	Year = {2018}}

@article{morgenstern2001rise,
	Author = {Morgenstern, John},
	Date-Added = {2019-10-23 12:18:13 -0400},
	Date-Modified = {2019-10-23 12:18:13 -0400},
	Journal = {Children's Literature Association Quarterly},
	Number = {2},
	Pages = {64--73},
	Publisher = {Johns Hopkins University Press},
	Title = {The rise of children's literature reconsidered},
	Volume = {26},
	Year = {2001}}

@article{high2014literacy,
	Author = {High, Pamela C and Klass, Perri},
	Date-Added = {2019-10-23 12:17:26 -0400},
	Date-Modified = {2019-10-23 12:17:26 -0400},
	Journal = {Pediatrics},
	Number = {2},
	Pages = {404--409},
	Title = {Literacy promotion: an essential component of primary care pediatric practice.},
	Volume = {134},
	Year = {2014}}

@article{bus1995joint,
	Author = {Bus, Adriana G and Van Ijzendoorn, Marinus H and Pellegrini, Anthony D},
	Date-Added = {2019-10-23 12:16:58 -0400},
	Date-Modified = {2019-10-23 12:16:58 -0400},
	Journal = {Review of educational research},
	Number = {1},
	Pages = {1--21},
	Publisher = {Sage Publications Sage CA: Thousand Oaks, CA},
	Title = {Joint book reading makes for success in learning to read: A meta-analysis on intergenerational transmission of literacy},
	Volume = {65},
	Year = {1995}}

@article{duursma2008reading,
	Author = {Duursma, Elisabeth and Augustyn, Marilyn and Zuckerman, Barry},
	Date-Added = {2019-10-23 12:16:26 -0400},
	Date-Modified = {2019-10-23 12:16:26 -0400},
	Journal = {Archives of disease in childhood},
	Number = {7},
	Pages = {554--557},
	Publisher = {BMJ Publishing Group Ltd},
	Title = {Reading aloud to children: the evidence},
	Volume = {93},
	Year = {2008}}

@article{weisgram2014pink,
	Author = {Weisgram, Erica S and Fulcher, Megan and Dinella, Lisa M},
	Date-Added = {2019-10-23 12:15:41 -0400},
	Date-Modified = {2019-10-23 12:15:41 -0400},
	Journal = {Journal of Applied Developmental Psychology},
	Number = {5},
	Pages = {401--409},
	Publisher = {Elsevier},
	Title = {Pink gives girls permission: Exploring the roles of explicit gender labels and gender-typed colors on preschool children's toy preferences},
	Volume = {35},
	Year = {2014}}

@article{chick2002impact,
	Author = {Chick, Kay A and Heilman-Houser, Rose Ann and Hunter, Maxwell W},
	Date-Added = {2019-10-23 12:14:26 -0400},
	Date-Modified = {2019-10-23 12:14:26 -0400},
	Journal = {Early Childhood Education Journal},
	Number = {3},
	Pages = {149--154},
	Publisher = {Springer},
	Title = {The impact of child care on gender role development and gender stereotypes},
	Volume = {29},
	Year = {2002}}

@article{hilliard2010differing,
	Author = {Hilliard, Lacey J and Liben, Lynn S},
	Date-Added = {2019-10-23 12:11:58 -0400},
	Date-Modified = {2019-10-23 12:11:58 -0400},
	Journal = {Child development},
	Number = {6},
	Pages = {1787--1798},
	Publisher = {Wiley Online Library},
	Title = {Differing levels of gender salience in preschool classrooms: Effects on children's gender attitudes and intergroup bias},
	Volume = {81},
	Year = {2010}}

@article{dunham2016development,
	Author = {Dunham, Yarrow and Baron, Andrew Scott and Banaji, Mahzarin R},
	Date-Added = {2019-10-23 12:10:57 -0400},
	Date-Modified = {2019-10-23 12:10:57 -0400},
	Journal = {Developmental Science},
	Number = {5},
	Pages = {781--789},
	Publisher = {Wiley Online Library},
	Title = {The development of implicit gender attitudes},
	Volume = {19},
	Year = {2016}}

@article{liben2002introduction,
	Author = {Liben, Lynn S and Bigler, Rebecca S},
	Date-Added = {2019-10-23 12:06:20 -0400},
	Date-Modified = {2019-10-23 12:08:32 -0400},
	Journal = {Monographs of the Society for Research in Child Development},
	Number = {2},
	Pages = {1--6},
	Publisher = {Wiley Online Library},
	Title = {The Developmental Course of Gender Differentiation: Conceptualizing, Measuring, and Evaluating Constructs and Pathways},
	Volume = {67},
	Year = {2002}}

@article{gelman2000gender,
	Author = {Gelman, Susan A and Taylor, Marianne G},
	Date-Added = {2019-10-23 12:05:14 -0400},
	Date-Modified = {2019-10-23 12:05:14 -0400},
	Journal = {Toward a feminist developmental psychology},
	Pages = {169--190},
	Title = {Gender essentialism in cognitive development},
	Year = {2000}}

@article{shutts2010social,
	Author = {Shutts, Kristin and Banaji, Mahzarin R and Spelke, Elizabeth S},
	Date-Added = {2019-10-23 12:03:54 -0400},
	Date-Modified = {2019-10-23 12:03:54 -0400},
	Journal = {Developmental Science},
	Number = {4},
	Pages = {599--610},
	Publisher = {Wiley Online Library},
	Title = {Social categories guide young children's preferences for novel objects},
	Volume = {13},
	Year = {2010}}

@article{poulin2002men,
	Author = {Poulin-Dubois, Diane and Serbin, Lisa A and Eichstedt, Julie A and Sen, Maya G and Beissel, Clara F},
	Date-Added = {2019-10-23 11:57:53 -0400},
	Date-Modified = {2019-10-23 11:57:53 -0400},
	Journal = {Social Development},
	Number = {2},
	Pages = {166--181},
	Publisher = {Wiley Online Library},
	Title = {Men don't put on make-up: Toddlers' knowledge of the gender stereotyping of household activities},
	Volume = {11},
	Year = {2002}}

@article{martin2002cognitive,
	Author = {Martin, Carol Lynn and Ruble, Diane N and Szkrybalo, Joel},
	Date-Added = {2019-10-23 11:30:16 -0400},
	Date-Modified = {2019-10-23 11:30:16 -0400},
	Journal = {Psychological bulletin},
	Number = {6},
	Pages = {903},
	Publisher = {American Psychological Association},
	Title = {Cognitive theories of early gender development.},
	Volume = {128},
	Year = {2002}}

@url{xkcd,
	Author = {Munroe, Randall},
	Date-Added = {2019-08-12 15:51:35 +0000},
	Date-Modified = {2019-10-23 14:10:18 -0400},
	Lastchecked = {12 August 2019},
	Title = {Color Survey Results},
	Url = {https://blog.xkcd.com/2010/05/03/color-survey-results/},
	Bdsk-Url-1 = {https://blog.xkcd.com/2010/05/03/color-survey-results/}}

@article{brysbaert2009moving,
	Author = {Brysbaert, Marc and New, Boris},
	Date-Added = {2019-04-02 17:01:26 +0000},
	Date-Modified = {2019-11-08 16:10:21 -0500},
	Journal = {Behavior research methods},
	Number = {4},
	Pages = {977--990},
	Publisher = {Springer},
	Title = {Moving beyond {K}u{\v{c}}era and {F}rancis: A critical evaluation of current word frequency norms and the introduction of a new and improved word frequency measure for {A}merican {E}nglish},
	Volume = {41},
	Year = {2009}}

@article{montag2015words,
	Author = {Montag, Jessica L and Jones, Michael N and Smith, Linda B},
	Date-Added = {2019-03-28 09:11:26 -0500},
	Date-Modified = {2019-03-28 09:11:26 -0500},
	Journal = {Psychological Science},
	Number = {9},
	Pages = {1489--1496},
	Publisher = {Sage Publications Sage CA: Los Angeles, CA},
	Title = {The words children hear: Picture books and the statistics for language learning},
	Volume = {26},
	Year = {2015}}

@url{time_100_kidbooks,
	Author = {D'Addario, Daniel, and Nathan, Giri and Rayman, Noah},
	Date-Added = {2019-03-28 09:05:49 -0500},
	Date-Modified = {2019-10-23 13:15:15 -0400},
	Lastchecked = {2019},
	Title = {The 100 best children's books of all time},
	Url = {http://time.com/100-best-childrens-books/},
	Bdsk-Url-1 = {http://time.com/100-best-childrens-books/}}

@article{kam_2017,
	Author = {Hudson Kam, Carla L and Matthewson, Lisa},
	Date-Modified = {2019-03-28 09:10:02 -0500},
	Journal = {Journal of child language},
	Number = {6},
	Pages = {1289--1308},
	Publisher = {Cambridge University Press},
	Title = {Introducing the {I}nfant {B}ookreading {D}atabase ({IBDb})},
	Volume = {44},
	Year = {2017}}

@book{tasa_norms,
	Address = {Brewster, NY},
	Author = {Zeno, Susan and Ivens, Stephen H and Millard, Robert T and Duvvuri, Raj},
	Date-Added = {2019-01-25 22:33:59 +0000},
	Date-Modified = {2020-03-26 18:30:40 -0400},
	Publisher = {Touchstone Applied Science Associates},
	Title = {The {E}ducator's {W}ord {F}requency {G}uide},
	Year = {1995}}

@article{kuperman2012age,
	Author = {Kuperman, Victor and Stadthagen-Gonzalez, Hans and Brysbaert, Marc},
	Date-Added = {2019-01-25 22:27:16 +0000},
	Date-Modified = {2019-01-25 22:38:30 +0000},
	Journal = {Behavior Research Methods},
	Number = {4},
	Pages = {978--990},
	Publisher = {Springer},
	Title = {Age-of-acquisition ratings for 30,000 {E}nglish words},
	Volume = {44},
	Year = {2012}}

@article{warriner2013norms,
	Author = {Warriner, Amy Beth and Kuperman, Victor and Brysbaert, Marc},
	Date-Added = {2019-01-25 22:26:46 +0000},
	Date-Modified = {2019-01-25 22:38:20 +0000},
	Journal = {Behavior research methods},
	Number = {4},
	Pages = {1191--1207},
	Publisher = {Springer},
	Title = {Norms of valence, arousal, and dominance for 13,915 {E}nglish lemmas},
	Volume = {45},
	Year = {2013}}

@article{brysbaert2014concreteness,
	Author = {Brysbaert, Marc and Warriner, Amy Beth and Kuperman, Victor},
	Date-Added = {2019-01-25 22:26:16 +0000},
	Date-Modified = {2019-01-25 22:38:39 +0000},
	Journal = {Behavior research methods},
	Number = {3},
	Pages = {904--911},
	Publisher = {Springer},
	Title = {Concreteness ratings for 40 thousand generally known {E}nglish word lemmas},
	Volume = {46},
	Year = {2014}}

@article{waxman1992beyond,
	Author = {Waxman, Sandra and Hatch, Thomas},
	Date-Added = {2018-05-04 23:16:47 +0000},
	Date-Modified = {2018-05-04 23:20:43 +0000},
	Journal = {Journal of Child Language},
	Number = {1},
	Pages = {153--166},
	Publisher = {Cambridge University Press},
	Title = {Beyond the basics: Preschool children label objects flexibly at multiple hierarchical levels},
	Volume = {19},
	Year = {1992}}

@article{waxman1991establishing,
	Author = {Waxman, Sandra and Shipley, Elizabeth F and Shepperson, Barbara},
	Date-Added = {2018-05-04 23:03:18 +0000},
	Date-Modified = {2018-05-04 23:20:38 +0000},
	Journal = {Child Development},
	Number = {1},
	Pages = {127--138},
	Publisher = {Wiley Online Library},
	Title = {Establishing new subcategories: The role of category labels and existing knowledge},
	Volume = {62},
	Year = {1991}}

@article{rosch1976basic,
	Author = {Rosch, Eleanor and Mervis, Carolyn B and Gray, Wayne D and Johnson, David M and Boyes-Braem, Penny},
	Date-Added = {2018-05-04 23:02:25 +0000},
	Date-Modified = {2018-05-04 23:02:25 +0000},
	Journal = {Cognitive psychology},
	Number = {3},
	Pages = {382--439},
	Publisher = {Elsevier},
	Title = {Basic objects in natural categories},
	Volume = {8},
	Year = {1976}}

@article{frank2009a,
	Author = {Frank, Michael C and Goodman, N.D. and Tenenbaum, J.B.},
	Date-Added = {2018-05-04 20:00:20 +0000},
	Date-Modified = {2018-05-17 17:06:27 +0000},
	Journal = {Psychological Science},
	Keywords = {word learning, Bayesian model, social},
	Number = {5},
	Pages = {578},
	Publisher = {SAGE Publications},
	Title = {Using speakers' referential intentions to model early cross-situational word learning},
	Volume = {20},
	Year = {2009},
	Bdsk-File-1 = {YnBsaXN0MDDSAQIDBFxyZWxhdGl2ZVBhdGhZYWxpYXNEYXRhXxAoLi4vLi4vUHJvamVjdHMvRllQL1BhcGVycy9mcmFua18yMDA5LnBkZk8RAawAAAAAAawAAgAADE1hY2ludG9zaCBIRAAAAAAAAAAAAAAAAAAAAMvhR3BIKwAAAAinAw5mcmFua18yMDA5LnBkZgAAAAAAAAAAAAAAAAAAAAAAAAAAAAAAAAAAAAAAAAAAAAAAAAAAAAAAAAAAAAAAAAAACKeHy9K3egAAAAAAAAAAAAIABAAACSAAAAAAAAAAAAAAAAAAAAAGUGFwZXJzABAACAAAy+Gp4AAAABEACAAAy9MZ6gAAAAEAFAAIpwMACJXcAAiVwgAIkXcABzUfAAIATk1hY2ludG9zaCBIRDpEb2N1bWVudHM6AEdSQURVQVRFX1NDSE9PTDoAUHJvamVjdHM6AEZZUDoAUGFwZXJzOgBmcmFua18yMDA5LnBkZgAOAB4ADgBmAHIAYQBuAGsAXwAyADAAMAA5AC4AcABkAGYADwAaAAwATQBhAGMAaQBuAHQAbwBzAGgAIABIAEQAEgA8RG9jdW1lbnRzL0dSQURVQVRFX1NDSE9PTC9Qcm9qZWN0cy9GWVAvUGFwZXJzL2ZyYW5rXzIwMDkucGRmABMAAS8A//8AAAAIAA0AGgAkAE8AAAAAAAACAQAAAAAAAAAFAAAAAAAAAAAAAAAAAAAB/w==}}

@article{clark1987principle,
	Author = {Clark, E.V.},
	Date-Added = {2018-05-04 18:52:11 +0000},
	Date-Modified = {2018-05-04 18:52:11 +0000},
	Journal = {Mechanisms of {L}anguage {A}cquisition. Hillsdale, NJ: Erlbaum},
	Title = {The principle of contrast: A constraint on language acquisition},
	Year = {1987}}

@article{baribault2018,
	Author = {Baribault, Beth and Donkin, Chris and Little, Daniel R and Trueblood, Jennifer and Oravecz, Zita and van Ravenzwaaij, Don and White, Corey and De Boeck, Paul and Vandekerckhove, Joachim},
	Date-Added = {2018-01-24 19:22:49 +0000},
	Date-Modified = {2018-01-24 19:23:02 +0000},
	Journal = {Proceedings of the National Academy of Sciences},
	Title = {Meta-studies for robust tests of theory},
	Year = {in press}}

@article{goodman2016,
	Author = {Goodman, Noah D and Frank, Michael C},
	Date-Added = {2017-12-16 00:05:18 +0000},
	Date-Modified = {2017-12-16 00:05:23 +0000},
	Journal = {Trends in cognitive sciences},
	Number = {11},
	Pages = {818--829},
	Publisher = {Elsevier},
	Title = {Pragmatic language interpretation as probabilistic inference},
	Volume = {20},
	Year = {2016}}

@article{gentner2006,
	Author = {Gentner, Dedre and Namy, Laura L},
	Date-Added = {2017-12-15 23:17:24 +0000},
	Date-Modified = {2017-12-15 23:17:32 +0000},
	Journal = {Current Directions in Psychological Science},
	Number = {6},
	Pages = {297--301},
	Publisher = {SAGE Publications Sage CA: Los Angeles, CA},
	Title = {Analogical processes in language learning},
	Volume = {15},
	Year = {2006}}

@article{waxman1986,
	Author = {Waxman, Sandra and Gelman, Rochel},
	Date-Added = {2017-12-12 21:59:06 +0000},
	Date-Modified = {2017-12-12 21:59:13 +0000},
	Journal = {Cognitive Development},
	Number = {2},
	Pages = {139--156},
	Publisher = {Elsevier},
	Title = {Preschoolers' use of superordinate relations in classification and language},
	Volume = {1},
	Year = {1986}}

@article{waxman1990,
	Author = {Waxman, Sandra},
	Date-Added = {2017-12-12 21:50:10 +0000},
	Date-Modified = {2017-12-12 22:08:49 +0000},
	Journal = {Cognitive development},
	Number = {2},
	Pages = {123--150},
	Publisher = {Elsevier},
	Title = {Linguistic biases and the establishment of conceptual hierarchies: Evidence from preschool children},
	Volume = {5},
	Year = {1990}}

@article{phillips2015second,
	Author = {Phillips, Jonathan and Ong, Desmond C and Surtees, Andrew DR and Xin, Yijing and Williams, Samantha and Saxe, Rebecca and Frank, Michael C},
	Date-Added = {2017-09-26 22:18:51 +0000},
	Date-Modified = {2017-09-29 14:40:52 +0000},
	Journal = {Psychological Science},
	Number = {9},
	Pages = {1353--1367},
	Publisher = {SAGE Publications Sage CA: Los Angeles, CA},
	Title = {A second look at automatic theory of mind: Reconsidering {K}ov{\'a}cs, {T}{\'e}gl{\'a}s, and {E}ndress (2010)},
	Volume = {26},
	Year = {2015}}

@article{xu2009,
	Author = {Xu, Fei and Denison, Stephanie},
	Date-Added = {2017-09-22 23:22:22 +0000},
	Date-Modified = {2017-09-22 23:22:26 +0000},
	Journal = {Cognition},
	Number = {1},
	Pages = {97--104},
	Publisher = {Elsevier},
	Title = {Statistical inference and sensitivity to sampling in 11-month-old infants},
	Volume = {112},
	Year = {2009}}

@article{gweon2010,
	Author = {Gweon, Hyowon and Tenenbaum, Joshua B and Schulz, Laura E},
	Date-Added = {2017-09-22 23:06:34 +0000},
	Date-Modified = {2017-09-22 23:06:36 +0000},
	Journal = {Proceedings of the National Academy of Sciences},
	Number = {20},
	Pages = {9066--9071},
	Publisher = {National Acad Sciences},
	Title = {Infants consider both the sample and the sampling process in inductive generalization},
	Volume = {107},
	Year = {2010}}

@article{tenenbaum2001,
	Author = {Tenenbaum, Joshua and Griffiths, Thomas L},
	Date-Added = {2017-09-22 23:02:28 +0000},
	Date-Modified = {2017-09-27 19:12:48 +0000},
	Journal = {Behavioral and brain sciences},
	Number = {4},
	Pages = {629--640},
	Publisher = {Cambridge University Press},
	Title = {Generalization, similarity, and {B}ayesian inference},
	Volume = {24},
	Year = {2001}}

@article{bonawitz2011,
	Author = {Bonawitz, Elizabeth and Shafto, Patrick and Gweon, Hyowon and Goodman, Noah D and Spelke, Elizabeth and Schulz, Laura},
	Date-Added = {2017-09-22 21:27:57 +0000},
	Date-Modified = {2017-09-22 21:28:24 +0000},
	Journal = {Cognition},
	Number = {3},
	Pages = {322--330},
	Publisher = {Elsevier},
	Title = {The double-edged sword of pedagogy: Instruction limits spontaneous exploration and discovery},
	Volume = {120},
	Year = {2011}}

@article{horowitz2016,
	Author = {Horowitz, Alexandra C and Frank, Michael C},
	Date-Added = {2017-09-22 21:27:47 +0000},
	Date-Modified = {2017-09-22 21:28:24 +0000},
	Journal = {Child development},
	Number = {3},
	Pages = {807--819},
	Publisher = {Wiley Online Library},
	Title = {Children's pragmatic inferences as a route for learning about the world},
	Volume = {87},
	Year = {2016}}

@article{frank2014,
	Author = {Frank, Michael C and Goodman, Noah D},
	Date-Added = {2017-09-22 21:27:04 +0000},
	Date-Modified = {2017-09-22 21:28:24 +0000},
	Journal = {Cognitive psychology},
	Pages = {80--96},
	Publisher = {Elsevier},
	Title = {Inferring word meanings by assuming that speakers are informative},
	Volume = {75},
	Year = {2014}}

@article{shafto2014,
	Author = {Shafto, Patrick and Goodman, Noah D and Griffiths, Thomas L},
	Date-Added = {2017-09-22 21:26:54 +0000},
	Date-Modified = {2017-09-22 21:28:24 +0000},
	Journal = {Cognitive psychology},
	Pages = {55--89},
	Publisher = {Elsevier},
	Title = {A rational account of pedagogical reasoning: Teaching by, and learning from, examples},
	Volume = {71},
	Year = {2014}}

@article{shafto2012,
	Author = {Shafto, Patrick and Goodman, Noah D and Frank, Michael C},
	Date-Added = {2017-09-22 21:26:44 +0000},
	Date-Modified = {2017-09-22 21:28:24 +0000},
	Journal = {Perspectives on Psychological Science},
	Number = {4},
	Pages = {341--351},
	Publisher = {Sage Publications Sage CA: Los Angeles, CA},
	Title = {Learning from others: The consequences of psychological reasoning for human learning},
	Volume = {7},
	Year = {2012}}

@article{xu2007b,
	Author = {Xu, Fei and Tenenbaum, Joshua B},
	Date-Added = {2017-09-22 21:26:20 +0000},
	Date-Modified = {2017-09-26 20:50:22 +0000},
	Journal = {Developmental science},
	Number = {3},
	Pages = {288--297},
	Publisher = {Wiley Online Library},
	Title = {Sensitivity to sampling in {B}ayesian word learning},
	Volume = {10},
	Year = {2007}}

@misc{Bakker_1adding,
	Author = {Dik Bakker and Cecil H. Brown and Pamela Brown and Dmitry Egorov and Anthony Grant and Eric W. Holman and Robert Mailhammer and Viveka Velupillai and S{\o}ren Wichmann},
	Date-Added = {2017-09-12 14:59:35 +0000},
	Date-Modified = {2017-09-12 14:59:35 +0000},
	Title = {1 Adding typology to lexicostatistics: a combined approach to language classification}}

@data{28075_2017,
	Author = {Boschee, Elizabeth and Lautenschlager, Jennifer and O'Brien, Sean and Shellman, Steve and Starz, James and Ward, Michael},
	Date-Added = {2017-09-11 22:34:25 +0000},
	Date-Modified = {2017-09-11 22:34:25 +0000},
	Doi = {10.7910/DVN/28075},
	Publisher = {Harvard Dataverse},
	Title = {ICEWS Coded Event Data},
	Url = {http://dx.doi.org/10.7910/DVN/28075},
	Year = {2017},
	Bdsk-Url-1 = {http://dx.doi.org/10.7910/DVN/28075}}

@article{taha2015efficient,
	Author = {Taha, Abdel Aziz and Hanbury, Allan},
	Date-Added = {2017-09-11 21:09:37 +0000},
	Date-Modified = {2017-09-11 21:09:37 +0000},
	Journal = {IEEE transactions on pattern analysis and machine intelligence},
	Number = {11},
	Pages = {2153--2163},
	Publisher = {IEEE},
	Title = {An efficient algorithm for calculating the exact Hausdorff distance},
	Volume = {37},
	Year = {2015}}

@article{Huttenlocher93comparingimages,
	Author = {Daniel P. Huttenlocher and Gregory A. Klanderman and William J. Rucklidge},
	Date-Added = {2017-09-11 21:03:16 +0000},
	Date-Modified = {2017-09-11 21:03:16 +0000},
	Journal = {IEEE TRANSACTIONS ON PATTERN ANALYSIS AND MACHINE INTELLIGENCE},
	Pages = {850--863},
	Title = {Comparing Images Using the Hausdorff Distance},
	Volume = {15},
	Year = {1993}}

@article{lawson2011s,
	Author = {Lawson, Chris A and Fisher, Anna V},
	Date-Added = {2017-09-08 19:59:19 +0000},
	Date-Modified = {2017-09-08 19:59:19 +0000},
	Journal = {Journal of Experimental Child Psychology},
	Number = {4},
	Pages = {499--519},
	Publisher = {Elsevier},
	Title = {It's in the sample: The effects of sample size and sample diversity on the breadth of inductive generalization},
	Volume = {110},
	Year = {2011}}

@article{markman1990constraints,
	Author = {Markman, Ellen M},
	Date-Added = {2017-09-08 19:49:17 +0000},
	Date-Modified = {2017-09-08 19:49:17 +0000},
	Journal = {Cognitive Science},
	Number = {1},
	Pages = {57--77},
	Publisher = {Wiley Online Library},
	Title = {Constraints children place on word meanings},
	Volume = {14},
	Year = {1990}}

@article{perfors2011tutorial,
	Author = {Perfors, Amy and Tenenbaum, Joshua B and Griffiths, Thomas L and Xu, Fei},
	Date-Added = {2017-08-30 21:46:13 +0000},
	Date-Modified = {2017-08-30 21:46:13 +0000},
	Journal = {Cognition},
	Number = {3},
	Pages = {302--321},
	Publisher = {Elsevier},
	Title = {A tutorial introduction to Bayesian models of cognitive development},
	Url = {https://psyarxiv.com/7qd3g},
	Volume = {120},
	Year = {2011},
	Bdsk-Url-1 = {https://psyarxiv.com/7qd3g}}

@article{lewis2016understanding,
	Author = {Lewis, Molly L and Frank, Michael C},
	Date-Added = {2017-08-30 21:01:45 +0000},
	Date-Modified = {2017-09-25 18:09:56 +0000},
	Journal = {Journal of Experimental Psychology: General},
	Number = {9},
	Pages = {e72--e80},
	Repository = {https://github.com/mllewis/xtSamp},
	Title = {Understanding the effect of social context on learning: A replication of {X}u and {T}enenbaum (2007b)},
	Volume = {145},
	Year = {2016},
	Bdsk-Url-1 = {https://github.com/mllewis/xtSamp}}

@article{lawson2017influence,
	Author = {Lawson, Chris A},
	Date-Added = {2017-08-30 20:53:17 +0000},
	Date-Modified = {2017-08-30 21:08:33 +0000},
	Journal = {Journal of Cognition and Development},
	Publisher = {Taylor \& Francis},
	Title = {The influence of task dynamics on inductive generalizations: How sequential and simultaneous presentation of evidence impact the strength and scope of property projections},
	Year = {2017}}

@article{lawson2014three,
	Author = {Lawson, Chris A},
	Date-Added = {2017-08-30 20:52:43 +0000},
	Date-Modified = {2017-08-30 21:12:53 +0000},
	Journal = {Journal of experimental child psychology},
	Pages = {147--154},
	Publisher = {Elsevier},
	Title = {Three-year-olds obey the sample size principle of induction: The influence of evidence presentation and sample size disparity on young children's generalizations},
	Volume = {123},
	Year = {2014}}

@article{xu2007word,
	Author = {Fei Xu and Joshua B. Tenenbaum},
	Date-Added = {2017-08-17 20:10:29 +0000},
	Date-Modified = {2017-08-30 21:17:59 +0000},
	Journal = {Psychological Review},
	Keywords = {word learning, Bayesian model},
	Number = {2},
	Pages = {245},
	Publisher = {American Psychological Association},
	Title = {Word learning as {B}ayesian inference.},
	Volume = {114},
	Year = {2007},
	Bdsk-File-1 = {YnBsaXN0MDDSAQIDBFxyZWxhdGl2ZVBhdGhZYWxpYXNEYXRhXxBmLi4vLi4vLi4vLi4vLi4vQXBwbGljYXRpb25zL05vdGF0aW9uYWwgVmVsb2NpdHkuYXBwL0NvbnRlbnRzL1Jlc291cmNlcy9FbmdsaXNoLmxwcm9qL1NhdmVkU2VhcmNoZXMubmliTxEBsgAAAAABsgACAAAMTWFjaW50b3NoIEhEAAAAAAAAAAAAAAAAAAAAAAAAAEJEAAH/////EVNhdmVkU2VhcmNoZXMubmliAAAAAAAAAAAAAAAAAAAAAAAAAAAAAAAAAAAAAAAAAAAAAAAAAAAAAAAAAAAAAP////8AAAAAAAAAAAAAAAAABQAGAAAKIGN1AAAAAAAAAAAAAAAAAA1FbmdsaXNoLmxwcm9qAAACAFkvOkFwcGxpY2F0aW9uczpOb3RhdGlvbmFsIFZlbG9jaXR5LmFwcDpDb250ZW50czpSZXNvdXJjZXM6RW5nbGlzaC5scHJvajpTYXZlZFNlYXJjaGVzLm5pYgAADgAkABEAUwBhAHYAZQBkAFMAZQBhAHIAYwBoAGUAcwAuAG4AaQBiAA8AGgAMAE0AYQBjAGkAbgB0AG8AcwBoACAASABEABIAV0FwcGxpY2F0aW9ucy9Ob3RhdGlvbmFsIFZlbG9jaXR5LmFwcC9Db250ZW50cy9SZXNvdXJjZXMvRW5nbGlzaC5scHJvai9TYXZlZFNlYXJjaGVzLm5pYgAAEwABLwD//wAAAAgADQAaACQAjQAAAAAAAAIBAAAAAAAAAAUAAAAAAAAAAAAAAAAAAAJD}}

@article{xu2007,
	Author = {Fei Xu and Joshua B. Tenenbaum},
	Date-Added = {2017-08-17 20:10:29 +0000},
	Date-Modified = {2017-08-17 20:10:29 +0000},
	Journal = {Developmental Science},
	Keywords = {sampling, Bayesian model, word learning},
	Number = {3},
	Pages = {288-297},
	Title = {Sensitivity to sampling in {B}ayesian word learning},
	Volume = {10},
	Year = {2007},
	Bdsk-File-1 = {YnBsaXN0MDDSAQIDBFxyZWxhdGl2ZVBhdGhZYWxpYXNEYXRhbxBtAC4ALgAvAC4ALgAvAC4ALgAvAC4ALgAvAC4ALgAvAEEAcABwAGwAaQBjAGEAdABpAG8AbgBzAC8ATgBvAHQAYQB0AGkAbwBuAGEAbAAgAFYAZQBsAG8AYwBpAHQAeQAuAGEAcABwAC8AQwBvAG4AdABlAG4AdABzAC8AUgBlAHMAbwB1AHIAYwBlAHMALwBGAHIAZQBuAGMAaAAuAGwAcAByAG8AagAvAEMAbwBtAG0AZQBuAHQAIABjAycAYQAgAG0AYQByAGMAaABlAC4AbgB2AGgAZQBsAHBPEQHQAAAAAAHQAAIAAAxNYWNpbnRvc2ggSEQAAAAAAAAAAAAAAAAAAAAAAAAAQkQAAf////8YQ29tbWVudCCNYSBtYXJjaGUubnZoZWxwAAAAAAAAAAAAAAAAAAAAAAAAAAAAAAAAAAAAAAAAAAAAAAAAAAAA/////wAAAAAAAAAAAAAAAAAFAAYAAAogY3UAAAAAAAAAAAAAAAAADEZyZW5jaC5scHJvagACAGEvOkFwcGxpY2F0aW9uczpOb3RhdGlvbmFsIFZlbG9jaXR5LmFwcDpDb250ZW50czpSZXNvdXJjZXM6RnJlbmNoLmxwcm9qOkNvbW1lbnQgY8ynYSBtYXJjaGUubnZoZWxwAAAOADQAGQBDAG8AbQBtAGUAbgB0ACAAYwMnAGEAIABtAGEAcgBjAGgAZQAuAG4AdgBoAGUAbABwAA8AGgAMAE0AYQBjAGkAbgB0AG8AcwBoACAASABEABIAX0FwcGxpY2F0aW9ucy9Ob3RhdGlvbmFsIFZlbG9jaXR5LmFwcC9Db250ZW50cy9SZXNvdXJjZXMvRnJlbmNoLmxwcm9qL0NvbW1lbnQgY8ynYSBtYXJjaGUubnZoZWxwAAATAAEvAP//AAAACAANABoAJAEBAAAAAAAAAgEAAAAAAAAABQAAAAAAAAAAAAAAAAAAAtU=},
	Bdsk-File-2 = {YnBsaXN0MDDSAQIDBFxyZWxhdGl2ZVBhdGhZYWxpYXNEYXRhXxA7Li4vLi4vLi4vLi4vLi4vUGFwZXJzL05PVEVTL1h1IGFuZCBUZW5lbmJhdW0gMjAwNyBub3Rlcy50eHRPEQG8AAAAAAG8AAIAAAxNYWNpbnRvc2ggSEQAAAAAAAAAAAAAAAAAAAAAAAAAQkQAAf////8fWHUgYW5kIFRlbmVuYmF1bSAyMDA3IG5vdGVzLnR4dAAAAAAAAAAAAAAAAAAAAAAAAAAAAAAAAAAAAAAAAAAA/////wAAAAAAAAAAAAAAAAAFAAMAAAogY3UAAAAAAAAAAAAAAAAABU5PVEVTAAACAFIvOlVzZXJzOm1vbGx5bGV3aXM6RG9jdW1lbnRzOnJlc2VhcmNoOlBhcGVyczpOT1RFUzpYdSBhbmQgVGVuZW5iYXVtIDIwMDcgbm90ZXMudHh0AA4AQAAfAFgAdQAgAGEAbgBkACAAVABlAG4AZQBuAGIAYQB1AG0AIAAyADAAMAA3ACAAbgBvAHQAZQBzAC4AdAB4AHQADwAaAAwATQBhAGMAaQBuAHQAbwBzAGgAIABIAEQAEgBQVXNlcnMvbW9sbHlsZXdpcy9Eb2N1bWVudHMvcmVzZWFyY2gvUGFwZXJzL05PVEVTL1h1IGFuZCBUZW5lbmJhdW0gMjAwNyBub3Rlcy50eHQAEwABLwAAFQACABH//wAAAAgADQAaACQAYgAAAAAAAAIBAAAAAAAAAAUAAAAAAAAAAAAAAAAAAAIi}}

@article{spencer2011learning,
	Author = {Spencer, John P and Perone, Sammy and Smith, Linda B and Samuelson, Larissa K},
	Date-Added = {2017-08-17 20:09:44 +0000},
	Date-Modified = {2017-08-17 20:09:44 +0000},
	Journal = {Psychological science},
	Number = {8},
	Pages = {1049--1057},
	Publisher = {Sage Publications Sage CA: Los Angeles, CA},
	Title = {Learning words in space and time: Probing the mechanisms behind the suspicious-coincidence effect},
	Volume = {22},
	Year = {2011}}

@manual{R-base,
	Address = {Vienna, Austria},
	Author = {{R Core Team}},
	Organization = {R Foundation for Statistical Computing},
	Title = {R: A Language and Environment for Statistical Computing},
	Url = {https://www.R-project.org/},
	Year = {2017},
	Bdsk-Url-1 = {https://www.R-project.org/}}

@manual{R-bindrcpp,
	Author = {Kirill M{\"u}ller},
	Note = {R package version 0.2},
	Title = {bindrcpp: An 'Rcpp' Interface to Active Bindings},
	Url = {https://CRAN.R-project.org/package=bindrcpp},
	Year = {2017},
	Bdsk-Url-1 = {https://CRAN.R-project.org/package=bindrcpp}}

@manual{R-broom,
	Author = {David Robinson},
	Note = {R package version 0.4.2},
	Title = {broom: Convert Statistical Analysis Objects into Tidy Data Frames},
	Url = {https://CRAN.R-project.org/package=broom},
	Year = {2017},
	Bdsk-Url-1 = {https://CRAN.R-project.org/package=broom}}

@manual{R-compute.es,
	Author = {A. C. Del Re},
	Journal = {R Package},
	Title = {compute.es: Compute Effect Sizes},
	Url = {http://cran.r-project.org/web/packages/compute.es},
	Year = {2013},
	Bdsk-Url-1 = {http://cran.r-project.org/web/packages/compute.es}}

@manual{R-dplyr,
	Author = {Hadley Wickham and Romain Francois and Lionel Henry and Kirill M{\"u}ller},
	Note = {R package version 0.7.2},
	Title = {dplyr: A Grammar of Data Manipulation},
	Url = {https://CRAN.R-project.org/package=dplyr},
	Year = {2017},
	Bdsk-Url-1 = {https://CRAN.R-project.org/package=dplyr}}

@manual{R-forcats,
	Author = {Hadley Wickham},
	Note = {R package version 0.2.0},
	Title = {forcats: Tools for Working with Categorical Variables (Factors)},
	Url = {https://CRAN.R-project.org/package=forcats},
	Year = {2017},
	Bdsk-Url-1 = {https://CRAN.R-project.org/package=forcats}}

@book{R-ggplot2,
	Author = {Hadley Wickham},
	Isbn = {978-0-387-98140-6},
	Publisher = {Springer-Verlag New York},
	Title = {ggplot2: Elegant Graphics for Data Analysis},
	Url = {http://ggplot2.org},
	Year = {2009},
	Bdsk-Url-1 = {http://ggplot2.org}}

@article{R-jsonlite,
	Author = {Jeroen Ooms},
	Journal = {arXiv:1403.2805 [stat.CO]},
	Title = {The jsonlite Package: A Practical and Consistent Mapping Between JSON Data and R Objects},
	Url = {https://arxiv.org/abs/1403.2805},
	Year = {2014},
	Bdsk-Url-1 = {https://arxiv.org/abs/1403.2805}}

@book{R-knitr,
	Address = {Boca Raton, Florida},
	Author = {Yihui Xie},
	Edition = {2nd},
	Note = {ISBN 978-1498716963},
	Publisher = {Chapman and Hall/CRC},
	Title = {Dynamic Documents with {R} and knitr},
	Url = {https://yihui.name/knitr/},
	Year = {2015},
	Bdsk-Url-1 = {https://yihui.name/knitr/}}

@manual{R-langcog,
	Author = {Mika Braginsky and Dan Yurovsky and Michael Frank},
	Note = {R package version 0.1.9001},
	Title = {langcog: Language and Cognition Lab Things},
	Url = {http://github.com/langcog/langcog},
	Bdsk-Url-1 = {http://github.com/langcog/langcog}}

@manual{R-Matrix,
	Author = {Douglas Bates and Martin Maechler},
	Note = {R package version 1.2-10},
	Title = {Matrix: Sparse and Dense Matrix Classes and Methods},
	Url = {https://CRAN.R-project.org/package=Matrix},
	Year = {2017},
	Bdsk-Url-1 = {https://CRAN.R-project.org/package=Matrix}}

@article{R-metafor,
	Author = {Wolfgang Viechtbauer},
	Journal = {Journal of Statistical Software},
	Number = {3},
	Pages = {1--48},
	Title = {Conducting meta-analyses in {R} with the {metafor} package},
	Url = {http://www.jstatsoft.org/v36/i03/},
	Volume = {36},
	Year = {2010},
	Bdsk-Url-1 = {http://www.jstatsoft.org/v36/i03/}}

@manual{R-papaja,
	Author = {Frederik Aust and Marius Barth},
	Note = {R package version 0.1.0.9492},
	Title = {{papaja}: {Create} {APA} manuscripts with {R Markdown}},
	Url = {https://github.com/crsh/papaja},
	Year = {2017},
	Bdsk-Url-1 = {https://github.com/crsh/papaja}}

@manual{R-png,
	Author = {Simon Urbanek},
	Note = {R package version 0.1-7},
	Title = {png: Read and write PNG images},
	Url = {https://CRAN.R-project.org/package=png},
	Year = {2013},
	Bdsk-Url-1 = {https://CRAN.R-project.org/package=png}}

@manual{R-purrr,
	Author = {Lionel Henry and Hadley Wickham},
	Note = {R package version 0.2.3},
	Title = {purrr: Functional Programming Tools},
	Url = {https://CRAN.R-project.org/package=purrr},
	Year = {2017},
	Bdsk-Url-1 = {https://CRAN.R-project.org/package=purrr}}

@manual{R-readr,
	Author = {Hadley Wickham and Jim Hester and Romain Francois},
	Note = {R package version 1.1.1},
	Title = {readr: Read Rectangular Text Data},
	Url = {https://CRAN.R-project.org/package=readr},
	Year = {2017},
	Bdsk-Url-1 = {https://CRAN.R-project.org/package=readr}}

@manual{R-rmarkdown,
	Author = {JJ Allaire and Joe Cheng and Yihui Xie and Jonathan McPherson and Winston Chang and Jeff Allen and Hadley Wickham and Aron Atkins and Rob Hyndman and Ruben Arslan},
	Note = {R package version 1.6},
	Title = {rmarkdown: Dynamic Documents for R},
	Url = {https://CRAN.R-project.org/package=rmarkdown},
	Year = {2017},
	Bdsk-Url-1 = {https://CRAN.R-project.org/package=rmarkdown}}

@manual{R-stringr,
	Author = {Hadley Wickham},
	Note = {R package version 1.2.0},
	Title = {stringr: Simple, Consistent Wrappers for Common String Operations},
	Url = {https://CRAN.R-project.org/package=stringr},
	Year = {2017},
	Bdsk-Url-1 = {https://CRAN.R-project.org/package=stringr}}

@manual{R-tibble,
	Author = {Kirill M{\"u}ller and Hadley Wickham},
	Note = {R package version 1.3.3},
	Title = {tibble: Simple Data Frames},
	Url = {https://CRAN.R-project.org/package=tibble},
	Year = {2017},
	Bdsk-Url-1 = {https://CRAN.R-project.org/package=tibble}}

@manual{R-tidyr,
	Author = {Hadley Wickham},
	Note = {R package version 0.6.3},
	Title = {tidyr: Easily Tidy Data with 'spread()' and 'gather()' Functions},
	Url = {https://CRAN.R-project.org/package=tidyr},
	Year = {2017},
	Bdsk-Url-1 = {https://CRAN.R-project.org/package=tidyr}}

@manual{R-tidyverse,
	Author = {Hadley Wickham},
	Note = {R package version 1.1.1},
	Title = {tidyverse: Easily Install and Load 'Tidyverse' Packages},
	Url = {https://CRAN.R-project.org/package=tidyverse},
	Year = {2017},
	Bdsk-Url-1 = {https://CRAN.R-project.org/package=tidyverse}}

@manual{R-kableExtra,
	Author = {Hao Zhu},
	Note = {R package version 0.4.0},
	Title = {kableExtra: Construct Complex Table with 'kable' and Pipe Syntax},
	Url = {https://CRAN.R-project.org/package=kableExtra},
	Year = {2017},
	Bdsk-Url-1 = {https://CRAN.R-project.org/package=kableExtra}}

@manual{R-ggthemes,
	Author = {Jeffrey B. Arnold},
	Note = {R package version 3.5.0},
	Title = {ggthemes: Extra Themes, Scales and Geoms for 'ggplot2'},
	Url = {https://CRAN.R-project.org/package=ggthemes},
	Year = {2018},
	Bdsk-Url-1 = {https://CRAN.R-project.org/package=ggthemes}}

@manual{R-here,
	Author = {Kirill M{\"u}ller},
	Note = {R package version 0.1},
	Title = {here: A Simpler Way to Find Your Files},
	Url = {https://CRAN.R-project.org/package=here},
	Year = {2017},
	Bdsk-Url-1 = {https://CRAN.R-project.org/package=here}}

@manual{R-janitor,
	Author = {Sam Firke},
	Note = {R package version 1.1.1},
	Title = {janitor: Simple Tools for Examining and Cleaning Dirty Data},
	Url = {https://CRAN.R-project.org/package=janitor},
	Year = {2018},
	Bdsk-Url-1 = {https://CRAN.R-project.org/package=janitor}}

@manual{R-hexbin,
	Author = {Dan Carr and ported by Nicholas Lewin-Koh and Martin Maechler and contains copies of lattice functions written by Deepayan Sarkar},
	Note = {R package version 1.27.2},
	Title = {hexbin: Hexagonal Binning Routines},
	Url = {https://CRAN.R-project.org/package=hexbin},
	Year = {2018},
	Bdsk-Url-1 = {https://CRAN.R-project.org/package=hexbin}}

@manual{R-ggrepel,
	Author = {Kamil Slowikowski},
	Note = {R package version 0.7.0},
	Title = {ggrepel: Repulsive Text and Label Geoms for 'ggplot2'},
	Url = {https://CRAN.R-project.org/package=ggrepel},
	Year = {2017},
	Bdsk-Url-1 = {https://CRAN.R-project.org/package=ggrepel}}

@article{R-lme4,
	Author = {Douglas Bates and Martin M{\"a}chler and Ben Bolker and Steve Walker},
	Doi = {10.18637/jss.v067.i01},
	Journal = {Journal of Statistical Software},
	Number = {1},
	Pages = {1--48},
	Title = {Fitting Linear Mixed-Effects Models Using {lme4}},
	Volume = {67},
	Year = {2015},
	Bdsk-Url-1 = {https://doi.org/10.18637/jss.v067.i01}}

@book{R-ggpmisc,
	Author = {Pedro J. Aphalo},
	Publisher = {Leanpub},
	Title = {Learn R ...as you learnt your mother tongue},
	Url = {https://leanpub.com/learnr},
	Year = {2016},
	Bdsk-Url-1 = {https://leanpub.com/learnr}}

@manual{R-AICcmodavg,
	Author = {Marc J. Mazerolle},
	Note = {R package version 2.1-1},
	Title = {AICcmodavg: Model selection and multimodel inference based on (Q)AIC(c)},
	Url = {https://cran.r-project.org/package=AICcmodavg},
	Year = {2017},
	Bdsk-Url-1 = {https://cran.r-project.org/package=AICcmodavg}}

@manual{R-carData,
	Author = {John Fox and Sanford Weisberg and Brad Price},
	Note = {R package version 3.0-1},
	Title = {carData: Companion to Applied Regression Data Sets},
	Url = {https://CRAN.R-project.org/package=carData},
	Year = {2018},
	Bdsk-Url-1 = {https://CRAN.R-project.org/package=carData}}

@article{R-effects_a,
	Author = {John Fox},
	Journal = {Journal of Statistical Software},
	Number = {15},
	Pages = {1--27},
	Title = {Effect Displays in {R} for Generalised Linear Models},
	Url = {http://www.jstatsoft.org/v08/i15/},
	Volume = {8},
	Year = {2003},
	Bdsk-Url-1 = {http://www.jstatsoft.org/v08/i15/}}

@article{R-effects_b,
	Author = {John Fox and Jangman Hong},
	Journal = {Journal of Statistical Software},
	Number = {1},
	Pages = {1--24},
	Title = {Effect Displays in {R} for Multinomial and Proportional-Odds Logit Models: Extensions to the {effects} Package},
	Url = {http://www.jstatsoft.org/v32/i01/},
	Volume = {32},
	Year = {2009},
	Bdsk-Url-1 = {http://www.jstatsoft.org/v32/i01/}}

@manual{R-lmSupport,
	Author = {John Curtin},
	Note = {R package version 2.9.13},
	Title = {lmSupport: Support for Linear Models},
	Url = {https://CRAN.R-project.org/package=lmSupport},
	Year = {2018},
	Bdsk-Url-1 = {https://CRAN.R-project.org/package=lmSupport}}

@manual{R-ggimage,
	Author = {Guangchuang Yu},
	Note = {R package version 0.1.7},
	Title = {ggimage: Use Image in 'ggplot2'},
	Url = {https://CRAN.R-project.org/package=ggimage},
	Year = {2018},
	Bdsk-Url-1 = {https://CRAN.R-project.org/package=ggimage}}

@manual{R-glue,
	Author = {Jim Hester},
	Note = {R package version 1.3.1},
	Title = {glue: Interpreted String Literals},
	Url = {https://CRAN.R-project.org/package=glue},
	Year = {2019},
	Bdsk-Url-1 = {https://CRAN.R-project.org/package=glue}}

@manual{R-tidyboot,
	Author = {Mika Braginsky and Daniel Yurovsky},
	Note = {R package version 0.1.1},
	Title = {tidyboot: Tidyverse-Compatible Bootstrapping},
	Url = {https://CRAN.R-project.org/package=tidyboot},
	Year = {2018},
	Bdsk-Url-1 = {https://CRAN.R-project.org/package=tidyboot}}

@manual{R-esc,
	Author = {Daniel L{\"u}decke},
	Doi = {10.5281/zenodo.1249218},
	Title = {esc: Effect Size Computation for Meta Analysis (Version 0.5.1)},
	Url = {https://CRAN.R-project.org/package=esc},
	Year = {2019},
	Bdsk-Url-1 = {https://CRAN.R-project.org/package=esc},
	Bdsk-Url-2 = {http://dx.doi.org/10.5281/zenodo.1249218}}

@manual{R-numform,
	Author = {Tyler W. Rinker},
	Note = {version 0.5.0},
	Title = {{numform}: A publication style number and plot formatter},
	Url = {http://github.com/trinker/numform},
	Year = {2018},
	Bdsk-Url-1 = {http://github.com/trinker/numform}}

@manual{R-rstatix,
	Author = {Alboukadel Kassambara},
	Note = {R package version 0.3.1.999},
	Title = {rstatix: Pipe-Friendly Framework for Basic Statistical Tests},
	Url = {https://rpkgs.datanovia.com/rstatix/},
	Year = {2020},
	Bdsk-Url-1 = {https://rpkgs.datanovia.com/rstatix/}}
